@article{Guo16,
  author    = {Hanqi Guo and Wenbin He and Tom Peterka and Han-Wei Shen and Scott M. Collis and Jonathan J. Helmus},
  title     = {Finite-Time Lyapunov Exponents and Lagrangian Coherent Structures in Uncertain Unsteady Flows},
  journal   = {{IEEE} Trans. Vis. Comput. Graph.},
  volume    = {22},
  number    = {6},
  pages     = {1672--1682},
  year      = {2016}
}

@article{Guo18,
  author    = {Hanqi Guo and Wenbin He and Sangmin Seo and Han-Wei Shen and Emil Mihai Constantinescu and Chunhui Liu and Tom Peterka},
  title     = {Extreme-Scale Stochastic Particle Tracing for Uncertain Unsteady Flow Visualization and Analysis},
  journal   = {{IEEE} Trans. Vis. Comput. Graph.},
  year      = {2019 (In preprint)}
}